@Book{ Borgwardt:2001,
	author = "{Karl Heinz} Borgwardt",
	title = "{Optimierung, Operations Research, Spieltheorie: mathematische Grundlagen}",
	publisher = {Birkh{\"a}user},
	year = "2001",
	address = "Basel",
	language = "de"
}

@Book{ Jungnickel:1999,
	author = "Dieter Jungnickel",
	title = {{Optimierungsmethoden: Eine Einf{\"u}hrung}},
	publisher = "Springer-Verlag",
	year = "2008",
	address = "Heidelberg",
	language = "de"
}

@Book{ Hachenberger:2005,
	author = "Dirk Hachenberger",
	title = {{Mathematik f{\"u}r Informatiker}},
	publisher = "Pearson Studium",
	year = "2005",
	address = {M{\"u}nchen},
	language = "de"
}

@Article{ Test,
	author = "{erste} {Person} and {zweite} {Person}",
	title = {{Vorlage f{\"u}r weitere Anlagen}},
	publisher = "Own",
	year = "2007",
	address = "Augsburg",
	language = "de"
}

@Book{ ahuja:93,
	author = "Ravindra K. Ahuja and Thomas L. Magnanti and James B. Orlin",
	title = "Network Flows~: {Theory, Algorithms, and Applications}",
	publisher = "Prentice Hall",
	address = "Englewood Cliffs, New Jersey",
	ISBN = "013617549X",
	year = "1993",
	language = "en"
}

